<record><leader>00000cas a22000007a 4500</leader><controlfield tag="001">4102284</controlfield><controlfield tag="008">780802d19691989mauwr ne      0   a0eng d</controlfield><datafield ind1=" " ind2=" " tag="010"><subfield code="a">sn 78005871 </subfield></datafield><datafield ind1=" " ind2=" " tag="040"><subfield code="a">NSD</subfield><subfield code="b">eng</subfield><subfield code="c">NSD</subfield><subfield code="d">MGN</subfield><subfield code="d">NSD</subfield><subfield code="d">MGN</subfield><subfield code="d">OCLCQ</subfield></datafield><datafield ind1=" " ind2=" " tag="012"><subfield code="j">1</subfield><subfield code="k">1</subfield><subfield code="l">1</subfield><subfield code="m">d</subfield></datafield><datafield ind1="1" ind2=" " tag="022"><subfield code="a">0162-0797</subfield><subfield code="l">0162-0797</subfield><subfield code="2">1</subfield></datafield><datafield ind1="1" ind2=" " tag="029"><subfield code="a">AU@</subfield><subfield code="b">000025784268</subfield></datafield><datafield ind1=" " ind2=" " tag="037"><subfield code="b">Marine Guide Publishing Co., 88 Broad St., Boston, MA 02110</subfield></datafield><datafield ind1=" " ind2=" " tag="042"><subfield code="a">nsdp</subfield><subfield code="a">msc</subfield></datafield><datafield ind1=" " ind2="0" tag="222"><subfield code="a">Boston marine guide and New England transportation review</subfield></datafield><datafield ind1="0" ind2="0" tag="245"><subfield code="a">Boston marine guide and New England transportation review.</subfield></datafield><datafield ind1="1" ind2="7" tag="246"><subfield code="a">Boston marine guide</subfield></datafield><datafield ind1=" " ind2=" " tag="260"><subfield code="a">Boston, Mass. :</subfield><subfield code="b">Marine Guide Pub. Co.,</subfield></datafield><datafield ind1=" " ind2=" " tag="300"><subfield code="a">v.</subfield></datafield><datafield ind1=" " ind2=" " tag="310"><subfield code="a">Weekly</subfield></datafield><datafield ind1="0" ind2=" " tag="362"><subfield code="a">50th year, no. 34 (Aug. 22, 1969)-70th year, no. 1080 (Nov. 24, 1989).</subfield></datafield><datafield ind1=" " ind2=" " tag="752"><subfield code="a">United States</subfield><subfield code="b">Massachusetts</subfield><subfield code="c">Suffolk</subfield><subfield code="d">Boston.</subfield></datafield><datafield ind1="0" ind2="0" tag="780"><subfield code="t">Boston marine guide</subfield><subfield code="w">(DLC)sn 91058098</subfield></datafield><datafield ind1="0" ind2="0" tag="785"><subfield code="t">New England journal of transportation</subfield><subfield code="x">1062-4309</subfield><subfield code="w">(DLC)sn 92002507</subfield><subfield code="w">(OCoLC)23066560</subfield></datafield><datafield ind1=" " ind2=" " tag="936"><subfield code="a">June 30, 1978</subfield></datafield></record>